<?xml version="1.0" encoding="UTF-8"?><collection xmlns="http://www.loc.gov/MARC21/slim"><record><leader>00441nam--2200157-i-4500</leader><controlfield tag="001">000009179</controlfield><controlfield tag="002">20161230</controlfield><controlfield tag="005">20170302173014</controlfield><controlfield tag="008">060222s1000------------r-----000-0-eng-d</controlfield><datafield ind1=" " ind2=" " tag="100"><subfield code="a">Brown, A. F</subfield></datafield><datafield ind1=" " ind2=" " tag="245"><subfield code="a">Statistical physics</subfield></datafield><datafield ind1=" " ind2=" " tag="260"><subfield code="a">Edinburgh</subfield><subfield code="b">The University Press</subfield><subfield code="c">1968</subfield></datafield><datafield ind1=" " ind2=" " tag="300"><subfield code="a">X + 307 p</subfield></datafield><datafield ind1=" " ind2=" " tag="490"><subfield code="a">Edinburgh University Publications, Science And Mathematical Texts 7</subfield></datafield><datafield ind1=" " ind2=" " tag="852"><subfield code="a">531.19:53</subfield></datafield><datafield ind1=" " ind2=" " tag="CAT"><subfield code="a">SYS</subfield><subfield code="c">20170302</subfield><subfield code="h">173014</subfield></datafield></record></collection>